
@ARTICLE{Burkner2017,
  title   = "{brms}: An {R} Package for {Bayesian} Multilevel Models Using {Stan}",
  author  = "B{\"u}rkner, Paul-Christian",
  journal = "Journal of Statistical Software",
  volume  =  80,
  number  =  1,
  pages   = "1--28",
  year    =  2017
}


@ARTICLE{Schielzeth2010,
  title     = "Simple means to improve the interpretability of regression
               coefficients",
  author    = "Schielzeth, Holger",
  journal   = "Methods in Ecology and Evolution",
  publisher = "Blackwell Publishing Ltd",
  volume    =  1,
  number    =  2,
  pages     = "103--113",
  month     =  jun,
  year      =  2010
}

  
  
@ARTICLE{Gelman2008,
  title     = "A weakly informative default prior distribution for logistic and
               other regression models",
  author    = "Gelman, Andrew and Jakulin, Aleks and Pittau, Maria Grazia and
               Su, Yu-Sung",
  journal   = "Annals of Applied Statistics",
  publisher = "Institute of Mathematical Statistics",
  volume    =  2,
  number    =  4,
  pages     = "1360--1383",
  month     =  dec,
  year      =  2008,
  language  = "en"
}

@ONLINE{UCLA,
  author = {UCLA Institute for Digital Research and Education},
  title = {Deciphering interactions in logistic regression {@ONLINE}},
  month = MAY,
  year = {2019},
  url = {https://stats.idre.ucla.edu/stata/seminars/deciphering-interactions-in-logistic-regression/}
}